<?xml version="1.0" encoding="UTF-8"?>
<marc:record xmlns:marc="http://www.loc.gov/MARC21/slim" xmlns:xsi="http://www.w3.org/2001/XMLSchema-instance" xsi:schemaLocation="http://www.loc.gov/standards/marcxml/schema/MARC21slim.xsd">
  <marc:controlfield tag="001">pe41023091</marc:controlfield>
  <marc:controlfield tag="003">DE-633</marc:controlfield>
  <marc:controlfield tag="005">20210325095114.0</marc:controlfield>
  <marc:controlfield tag="008">190729n|||||||a||| a</marc:controlfield>
  <marc:datafield tag="024" ind1="7" ind2=" ">
    <marc:subfield code="a">19946027</marc:subfield>
    <marc:subfield code="2">VIAF</marc:subfield>
  </marc:datafield>
  <marc:datafield tag="024" ind1="7" ind2=" ">
    <marc:subfield code="a">14808001</marc:subfield>
    <marc:subfield code="2">BNF</marc:subfield>
  </marc:datafield>
  <marc:datafield tag="024" ind1="7" ind2=" ">
    <marc:subfield code="a">Q57637774</marc:subfield>
    <marc:subfield code="2">WKP</marc:subfield>
  </marc:datafield>
  <marc:datafield tag="040" ind1=" " ind2=" ">
    <marc:subfield code="a">DE-633</marc:subfield>
    <marc:subfield code="b">ger</marc:subfield>
    <marc:subfield code="c">DE-633</marc:subfield>
  </marc:datafield>
  <marc:datafield tag="042" ind1=" " ind2=" ">
    <marc:subfield code="a">individualized</marc:subfield>
  </marc:datafield>
  <marc:datafield tag="043" ind1=" " ind2=" ">
    <marc:subfield code="c">XA-PL</marc:subfield>
  </marc:datafield>
  <marc:datafield tag="100" ind1="1" ind2=" ">
    <marc:subfield code="a">Studziński, Wincenty</marc:subfield>
    <marc:subfield code="d">1815-1854</marc:subfield>
    <marc:subfield code="y">30.03.1815-15.07.1854</marc:subfield>
  </marc:datafield>
  <marc:datafield tag="375" ind1=" " ind2=" ">
    <marc:subfield code="a">male</marc:subfield>
  </marc:datafield>
  <marc:datafield tag="400" ind1="1" ind2=" ">
    <marc:subfield code="a">Studzinski, Wincenty</marc:subfield>
    <marc:subfield code="j">z</marc:subfield>
  </marc:datafield>
  <marc:datafield tag="400" ind1="1" ind2=" ">
    <marc:subfield code="a">Studziński</marc:subfield>
  </marc:datafield>
  <marc:datafield tag="400" ind1="1" ind2=" ">
    <marc:subfield code="a">Studziński, Wincenty Wojciech Szymon</marc:subfield>
  </marc:datafield>
  <marc:datafield tag="500" ind1="1" ind2=" ">
    <marc:subfield code="a">Studziński, Kajetan</marc:subfield>
    <marc:subfield code="i">brother of</marc:subfield>
    <marc:subfield code="0">50043470</marc:subfield>
  </marc:datafield>
  <marc:datafield tag="500" ind1="1" ind2=" ">
    <marc:subfield code="a">Studziński, Karol</marc:subfield>
    <marc:subfield code="i">brother of</marc:subfield>
    <marc:subfield code="0">30040593</marc:subfield>
  </marc:datafield>
  <marc:datafield tag="500" ind1="1" ind2=" ">
    <marc:subfield code="a">Studziński, Piotr</marc:subfield>
    <marc:subfield code="i">brother of</marc:subfield>
    <marc:subfield code="0">50044409</marc:subfield>
  </marc:datafield>
  <marc:datafield tag="550" ind1=" " ind2=" ">
    <marc:subfield code="a">Composer</marc:subfield>
  </marc:datafield>
  <marc:datafield tag="550" ind1=" " ind2=" ">
    <marc:subfield code="a">Conductor</marc:subfield>
  </marc:datafield>
  <marc:datafield tag="550" ind1=" " ind2=" ">
    <marc:subfield code="a">Violinist</marc:subfield>
  </marc:datafield>
  <marc:datafield tag="551" ind1=" " ind2=" ">
    <marc:subfield code="a">Kraków</marc:subfield>
    <marc:subfield code="i">go</marc:subfield>
  </marc:datafield>
  <marc:datafield tag="551" ind1=" " ind2=" ">
    <marc:subfield code="a">Kraków</marc:subfield>
    <marc:subfield code="i">so</marc:subfield>
  </marc:datafield>
  <marc:datafield tag="670" ind1=" " ind2=" ">
    <marc:subfield code="a">DEUMM/b suppl.</marc:subfield>
    <marc:subfield code="b">Studziński, Wincenty [30.03.1815-14.07.1854 (15.07.1854)]</marc:subfield>
    <marc:subfield code="w">2957</marc:subfield>
  </marc:datafield>
  <marc:datafield tag="670" ind1=" " ind2=" ">
    <marc:subfield code="a">EM/b</marc:subfield>
    <marc:subfield code="b">Studziński, Wincenty (Wojciech Szymon) [30.03.1815-15.07.1854]</marc:subfield>
    <marc:subfield code="w">1793</marc:subfield>
  </marc:datafield>
  <marc:datafield tag="670" ind1=" " ind2=" ">
    <marc:subfield code="a">Grove|7</marc:subfield>
    <marc:subfield code="b">Studziński, Wincenty (Szymon Wojciech) [30.03.1815-15.07.1854]</marc:subfield>
    <marc:subfield code="w">3072</marc:subfield>
  </marc:datafield>
  <marc:datafield tag="670" ind1=" " ind2=" ">
    <marc:subfield code="a">GroveMO</marc:subfield>
    <marc:subfield code="b">Studziński, Wincenty (Szymon Wojciech) [30.03.1815-15.07.1854]</marc:subfield>
    <marc:subfield code="w">41000731</marc:subfield>
  </marc:datafield>
  <marc:datafield tag="670" ind1=" " ind2=" ">
    <marc:subfield code="a">SMP</marc:subfield>
    <marc:subfield code="b">Studziński, Wincenty Wojciech Szymon [30.03.1815-15.07.1854]</marc:subfield>
    <marc:subfield code="w">1935</marc:subfield>
  </marc:datafield>
  <marc:datafield tag="856" ind1=" " ind2=" ">
    <marc:subfield code="u">https://www.oxfordmusiconline.com/grovemusic/view/10.1093/gmo/9781561592630.article.27019/omo-9781561592630-e-6002277115</marc:subfield>
    <marc:subfield code="y">(1) Wincenty (Szymon Wojciech) Studziński. Grove Music Online. Retrieved 30 Jul. 2019</marc:subfield>
  </marc:datafield>
</marc:record>
